<record><leader>00000cas a2200000 a 4500</leader><controlfield tag="001">6341619</controlfield><controlfield tag="008">800521c18999999nyudr ne      0    0eng c</controlfield><datafield ind1=" " ind2=" " tag="010"><subfield code="a">sn 83031896 </subfield></datafield><datafield ind1=" " ind2=" " tag="040"><subfield code="a">YQR</subfield><subfield code="b">eng</subfield><subfield code="c">YQR</subfield><subfield code="d">NPU</subfield><subfield code="d">NPX</subfield><subfield code="d">DLC</subfield><subfield code="d">OCL</subfield><subfield code="d">DLC</subfield><subfield code="d">NYS</subfield><subfield code="d">NYG</subfield><subfield code="d">NYS</subfield><subfield code="d">OCL</subfield><subfield code="d">NYS</subfield><subfield code="d">MGN</subfield><subfield code="d">NYS</subfield><subfield code="d">CNK</subfield><subfield code="d">NYS</subfield><subfield code="d">DLC</subfield><subfield code="d">NYS</subfield><subfield code="d">DLC</subfield><subfield code="d">OCLCQ</subfield><subfield code="d">OCLCF</subfield><subfield code="d">OCLCO</subfield><subfield code="d">OCLCQ</subfield></datafield><datafield ind1=" " ind2=" " tag="012"><subfield code="b">3</subfield></datafield><datafield ind1=" " ind2=" " tag="019"><subfield code="a">10029408</subfield><subfield code="a">13853869</subfield></datafield><datafield ind1=" " ind2=" " tag="037"><subfield code="b">Post-Standard, Clinton Sq., P.O. Box 4915, Syracuse, N.Y., 13201</subfield></datafield><datafield ind1=" " ind2=" " tag="042"><subfield code="a">pcc</subfield></datafield><datafield ind1=" " ind2=" " tag="043"><subfield code="a">n-us-ny</subfield></datafield><datafield ind1="0" ind2="0" tag="050"><subfield code="a">Newspaper</subfield></datafield><datafield ind1="0" ind2=" " tag="130"><subfield code="a">Post-standard (Syracuse, N.Y. : Daily)</subfield></datafield><datafield ind1="1" ind2="4" tag="245"><subfield code="a">The post-standard.</subfield></datafield><datafield ind1="1" ind2=" " tag="246"><subfield code="i">Sunday issue published as:</subfield><subfield code="a">Syracuse herald American combined with the post-standard</subfield><subfield code="f">May 30, 1965-&lt;Dec. 21, 1980&gt;</subfield></datafield><datafield ind1="1" ind2="3" tag="246"><subfield code="a">Syracuse post-standard</subfield></datafield><datafield ind1=" " ind2=" " tag="260"><subfield code="a">Syracuse, N.Y. :</subfield><subfield code="b">Post-Standard Co.,</subfield><subfield code="c">1899-</subfield></datafield><datafield ind1=" " ind2=" " tag="300"><subfield code="a">volumes :</subfield><subfield code="b">illustrations ;</subfield><subfield code="c">55-61 cm</subfield></datafield><datafield ind1=" " ind2=" " tag="310"><subfield code="a">Daily,</subfield><subfield code="b">2001-</subfield></datafield><datafield ind1=" " ind2=" " tag="321"><subfield code="a">Daily,</subfield><subfield code="b">1899-&lt;1980&gt;</subfield></datafield><datafield ind1=" " ind2=" " tag="321"><subfield code="a">Daily (except Sunday),</subfield><subfield code="b">198u-2001</subfield></datafield><datafield ind1=" " ind2=" " tag="336"><subfield code="a">text</subfield><subfield code="b">txt</subfield><subfield code="2">rdacontent</subfield></datafield><datafield ind1=" " ind2=" " tag="337"><subfield code="a">unmediated</subfield><subfield code="b">n</subfield><subfield code="2">rdamedia</subfield></datafield><datafield ind1=" " ind2=" " tag="338"><subfield code="a">volume</subfield><subfield code="b">nc</subfield><subfield code="2">rdacarrier</subfield></datafield><datafield ind1="0" ind2=" " tag="362"><subfield code="a">Vol. 71, no. 1 (Jan. 1, 1899)-</subfield></datafield><datafield ind1=" " ind2=" " tag="500"><subfield code="a">"Special 150th year edition" Sept. 20, 1979.</subfield></datafield><datafield ind1=" " ind2=" " tag="530"><subfield code="a">Also issued on microfilm from the Library of Congress, Photoduplication Service; Micro Photo Division, Bell &amp; Howell Co.; Microfilm Corp. of Amer.; and University Microfilms International.</subfield></datafield><datafield ind1=" " ind2="0" tag="651"><subfield code="a">Syracuse (N.Y.)</subfield><subfield code="v">Newspapers.</subfield></datafield><datafield ind1=" " ind2="0" tag="651"><subfield code="a">Onondaga County (N.Y.)</subfield><subfield code="v">Newspapers.</subfield></datafield><datafield ind1=" " ind2="7" tag="651"><subfield code="a">New York (State)</subfield><subfield code="z">Onondaga County.</subfield><subfield code="2">fast</subfield><subfield code="0">(OCoLC)fst01205371</subfield></datafield><datafield ind1=" " ind2="7" tag="651"><subfield code="a">New York (State)</subfield><subfield code="z">Syracuse.</subfield><subfield code="2">fast</subfield><subfield code="0">(OCoLC)fst01205293</subfield></datafield><datafield ind1=" " ind2="7" tag="655"><subfield code="a">Newspapers.</subfield><subfield code="2">fast</subfield><subfield code="0">(OCoLC)fst01423814</subfield></datafield><datafield ind1=" " ind2=" " tag="752"><subfield code="a">United States</subfield><subfield code="b">New York</subfield><subfield code="c">Onondaga</subfield><subfield code="d">Syracuse.</subfield></datafield><datafield ind1="0" ind2=" " tag="775"><subfield code="t">Post-standard (Syracuse, N.Y. : Semiweekly)</subfield><subfield code="w">(DLC)sn 91066095</subfield><subfield code="w">(OCoLC)23660783</subfield></datafield><datafield ind1="0" ind2="8" tag="776"><subfield code="i">Microfilm version:</subfield><subfield code="t">Post-standard (Syracuse, N.Y. : Daily)</subfield><subfield code="w">(DLC)sn 83031896</subfield><subfield code="w">(OCoLC)849753913</subfield></datafield><datafield ind1="0" ind2="8" tag="776"><subfield code="i">Online version:</subfield><subfield code="t">Post-standard (Syracuse, N.Y. : Daily : Online)</subfield><subfield code="w">(DLC)sn 83031896</subfield><subfield code="w">(OCoLC)232117708</subfield></datafield><datafield ind1="0" ind2="4" tag="780"><subfield code="t">Syracuse post</subfield><subfield code="w">(DLC)sn 86063492</subfield><subfield code="w">(OCoLC)13180889</subfield></datafield><datafield ind1="0" ind2="4" tag="780"><subfield code="t">Syracuse standard (Syracuse, N.Y. : 1897)</subfield><subfield code="w">(DLC)sn 91066099</subfield><subfield code="w">(OCoLC)23669150</subfield></datafield><datafield ind1="4" ind2="2" tag="856"><subfield code="u">http://www.syracuse.com/</subfield></datafield><datafield ind1="1" ind2=" " tag="029"><subfield code="a">AU@</subfield><subfield code="b">000004600117</subfield></datafield><datafield ind1="1" ind2=" " tag="029"><subfield code="a">NZ1</subfield><subfield code="b">16076197</subfield></datafield></record>